<?xml version="1.0" encoding="UTF-8" ?>
<collection xmlns:xsi="http://www.w3.org/2001/XMLSchema-instance"
    xsi:schemaLocation="http://www.loc.gov/MARC21/slim
        http://www.loc.gov/standards/marcxml/schema/MARC21slim.xsd"
    xmlns="http://www.loc.gov/MARC21/slim">
<record>
  <leader>00232cam a2200433 i 4500</leader>
  <controlfield tag="001">b12536945</controlfield>
  <controlfield tag="003">LeBAU</controlfield>
  <controlfield tag="005">20170926</controlfield>
  <controlfield tag="008">970724s1929    le c          ||0 p ara d</controlfield>
  <datafield tag="035" ind1=" " ind2=" ">
    <subfield code="a">ocn784393346</subfield>
  </datafield>
  <datafield tag="040" ind1=" " ind2=" ">
    <subfield code="a">LEAUB</subfield>
    <subfield code="b">ara</subfield>
    <subfield code="e">rda</subfield>
    <subfield code="c">LEAUB</subfield>
    <subfield code="d">LEAUB</subfield>
  </datafield>
  <datafield tag="082" ind1="0" ind2="4">
    <subfield code="a">892.78</subfield>
    <subfield code="2">23</subfield>
  </datafield>
  <datafield tag="100" ind1="1" ind2=" ">
    <subfield code="6">880-01</subfield>
    <subfield code="a">Ḥamad, ʻUmar Khālid Muṣṭafá,</subfield>
    <subfield code="e">author.</subfield>
  </datafield>
  <datafield tag="245" ind1="1" ind2="0">
    <subfield code="6">880-02</subfield>
    <subfield code="a">Diwān al-shahīd ʻUmar Ḥamad :</subfield>
    <subfield code="b">wa-yataḍammanu mukhtārāt mimmā naẓamahu al-Shāʻir al-shahīd ʻUmar Ḥamad, wa-baʻḍa mā qīla fīhi min qaṣāʼid al-rithāʼ.</subfield>
  </datafield>
  <datafield tag="246" ind1="3" ind2=" ">
    <subfield code="6">880-03</subfield>
    <subfield code="a">Diwān ʻUmar Ḥamad</subfield>
  </datafield>
  <datafield tag="264" ind1=" " ind2="1">
    <subfield code="6">880-04</subfield>
    <subfield code="a">Bayrūt :</subfield>
    <subfield code="b">Maṭbaʻat wa-Zinkūghrāf Ṭabbārah,</subfield>
    <subfield code="c">1929.</subfield>
  </datafield>
  <datafield tag="300" ind1=" " ind2=" ">
    <subfield code="6">880-05</subfield>
    <subfield code="a">96 pages :</subfield>
    <subfield code="b">illustrations, portrait ;</subfield>
    <subfield code="c">22 cm</subfield>
  </datafield>
  <datafield tag="336" ind1=" " ind2=" ">
    <subfield code="a">text</subfield>
    <subfield code="b">txt</subfield>
    <subfield code="2">rdacontent</subfield>
  </datafield>
  <datafield tag="336" ind1=" " ind2=" ">
    <subfield code="a">still image</subfield>
    <subfield code="b">sti</subfield>
    <subfield code="2">rdacontent</subfield>
  </datafield>
  <datafield tag="337" ind1=" " ind2=" ">
    <subfield code="a">unmediated</subfield>
    <subfield code="b">n</subfield>
    <subfield code="2">rdamedia</subfield>
  </datafield>
  <datafield tag="338" ind1=" " ind2=" ">
    <subfield code="a">volume</subfield>
    <subfield code="b">nc</subfield>
    <subfield code="2">rdacarrier</subfield>
  </datafield>
  <datafield tag="600" ind1="1" ind2="4">
    <subfield code="a">حمد، عمر خالد مصطفى</subfield>
    <subfield code="v">شعر.</subfield>
  </datafield>
  <datafield tag="600" ind1="1" ind2="0">
    <subfield code="a">Ḥamad, ʻUmar Khālid Muṣṭafá</subfield>
    <subfield code="v">Poetry.</subfield>
  </datafield>
  <datafield tag="650" ind1=" " ind2="4">
    <subfield code="a">شعر الرثاء العربي.</subfield>
  </datafield>
  <datafield tag="650" ind1=" " ind2="0">
    <subfield code="a">Elegiac poetry, Arabic.</subfield>
  </datafield>
  <datafield tag="655" ind1=" " ind2="4">
    <subfield code="a">شعر.</subfield>
  </datafield>
  <datafield tag="655" ind1=" " ind2="0">
    <subfield code="a">Poetry.</subfield>
  </datafield>
  <datafield tag="775" ind1="0" ind2=" ">
    <subfield code="6">880-06</subfield>
    <subfield code="t">Diwān al-shahīd ʻUmar Ḥamad : wa-yataḍammanu mukhtārāt mimmā naẓamahu al-Shāʻir al-shahīd ʻUmar Ḥamad, wa-baʻḍa mā qīla fīhi min qaṣāʼid al-rithāʼ</subfield>
    <subfield code="d">Bayrūt : Maṭbaʻat wa-Zinkūghrāf Ṭabbārah, 1969</subfield>
    <subfield code="w">b1832504x</subfield>
  </datafield>
  <datafield tag="852" ind1=" " ind2=" ">
    <subfield code="a">Jafet Archives and Special Collections</subfield>
    <subfield code="e">American University of Beirut, Bliss Street , Beirut, Lebanon.</subfield>
  </datafield>
  <datafield tag="880" ind1="1" ind2=" ">
    <subfield code="6">100-01/(3/r</subfield>
    <subfield code="a">حمد، عمر خالد مصطفى،</subfield>
    <subfield code="e">مؤلف. </subfield>
    <subfield code="4">aut.</subfield>
  </datafield>
  <datafield tag="880" ind1="1" ind2="0">
    <subfield code="6">245-02/(3/r</subfield>
    <subfield code="a">ديوان الشهيد عمر حمد :</subfield>
    <subfield code="b">يتضمن مختارات مما نظمه الشاعر الشهيد عمر حمد، وبعض ما قيل فيه من قصائد الرثاء.</subfield>
  </datafield>
  <datafield tag="880" ind1="3" ind2="0">
    <subfield code="6">246-03/(3/r</subfield>
    <subfield code="a">ديوان عمر حمد</subfield>
  </datafield>
  <datafield tag="880" ind1=" " ind2="1">
    <subfield code="6">264-04/(3/r</subfield>
    <subfield code="a">بيروت :</subfield>
    <subfield code="b">مطبعة وزنكوغراف طبارة،</subfield>
    <subfield code="c">1929.</subfield>
  </datafield>
  <datafield tag="880" ind1=" " ind2=" ">
    <subfield code="6">300-05/(3/r</subfield>
    <subfield code="a">96 صفحة :</subfield>
    <subfield code="b">مصورات، صورة شخصانية ؛</subfield>
    <subfield code="c">22 سم</subfield>
  </datafield>
  <datafield tag="880" ind1="0" ind2=" ">
    <subfield code="6">775-06/(3/r</subfield>
    <subfield code="t">ديوان الشهيد عمر حمد : يتضمن مختارات مما نظمه الشاعر الشهيد عمر حمد، وبعض ما قيل فيه من قصائد الرثاء</subfield>
    <subfield code="d">بيروت : مطبعة وزنكوغراف طبارة، 1969</subfield>
    <subfield code="w">b1832504x</subfield>
  </datafield>
  <datafield tag="907" ind1=" " ind2=" ">
    <subfield code="a">.b12536945</subfield>
    <subfield code="b">17-10-02</subfield>
    <subfield code="c">11-05-24</subfield>
  </datafield>
  <datafield tag="907" ind1=" " ind2=" ">
    <subfield code="a">.b12536945</subfield>
    <subfield code="b">15-10-15</subfield>
    <subfield code="c">11-05-24</subfield>
  </datafield>
  <datafield tag="945" ind1=" " ind2=" ">
    <subfield code="f">CA</subfield>
    <subfield code="a">892.78:Ha518dA:c.1</subfield>
    <subfield code="i">01033816</subfield>
    <subfield code="j">.i1304008x</subfield>
    <subfield code="l">u0304</subfield>
  </datafield>
  <datafield tag="998" ind1=" " ind2=" ">
    <subfield code="a">u03</subfield>
    <subfield code="b">97-07-24</subfield>
    <subfield code="c">m</subfield>
    <subfield code="d">a</subfield>
    <subfield code="e">-</subfield>
    <subfield code="f">ara</subfield>
    <subfield code="g">le </subfield>
    <subfield code="h">0</subfield>
    <subfield code="i">1</subfield>
  </datafield>
</record>
</collection>
